@InProceedings{Pang,
  author =       {Bo Pang and Lillian Lee and Shivakumar Vaithyanathan},
  title =        {Thumbs up?  {Sentiment} Classification using Machine Learning Techniques},
  booktitle =    "Proceedings of the 2002 Conference on Empirical Methods in Natural
Language Processing (EMNLP)",
  pages = {79--86},
  year =  2002
}

@inproceedings{Zhang,
author = "Harry Zhang",
title = {The Optimality of Naive Bayes},
booktitle = {American Association for Artificial Intelligence},
year = 2004
}

@inproceedings{Liu,
author = {Doug C. Liu and Jorge Nocedal},
title = {On the Limited Memory BFGS Method for Large Scale Optimization},
booktitle = {Mathematical Programming 45},
pages = {503--528},
year = 1989,
}

@book{Manning,
author = {Christopher D. Manning, Prabhakar Raghavan and Hinrich Sch√ºtze},
title = {Introduction to Information Retrieval},
publisher = {Cambridge University Press},
year = 2008
}

@inproceedings{Jaynes,
author = {E.T. Jaynes},
title = {Information Theory and Statistical Mechanics},
booktitle = {The Physical Review},
volume = 106,
year = 1957
}

@misc{Le, 
author={Zhang Le},
title ={Maximum Entropy Modeling Toolkit for Python and C++},
year=2011,
howpublished ="http://homepages.inf.ed.ac.uk/lzhang10/maxent\_toolkit.html"
}

@misc{PyML,
author={Asa Ben-Hur},
title={PyML - Machine Learning in Python},
year = 2011,
howpublished = "http://pyml.sourceforge.net/"
}

@misc{qtag,
author={Oliver Mason},
title={QTag},
howpublished = "http://phrasys.net/uob/om/software"
}

@misc{yelp,
author={Yelp},
title = {Yelp Academic Dataset},
howpublished = "http://www.yelp.com/academic\_dataset"
}